%YAML 1.1
%TAG !u! tag:unity3d.com,2011:
--- !u!1 &6341098689392270632
GameObject:
  m_ObjectHideFlags: 0
  m_CorrespondingSourceObject: {fileID: 0}
  m_PrefabInstance: {fileID: 0}
  m_PrefabAsset: {fileID: 0}
  serializedVersion: 6
  m_Component:
  - component: {fileID: 9062626229449880780}
  m_Layer: 0
  m_Name: Floor
  m_TagString: Untagged
  m_Icon: {fileID: 0}
  m_NavMeshLayer: 0
  m_StaticEditorFlags: 0
  m_IsActive: 1
--- !u!4 &9062626229449880780
Transform:
  m_ObjectHideFlags: 0
  m_CorrespondingSourceObject: {fileID: 0}
  m_PrefabInstance: {fileID: 0}
  m_PrefabAsset: {fileID: 0}
  m_GameObject: {fileID: 6341098689392270632}
  m_LocalRotation: {x: 0, y: 0, z: 0, w: 1}
  m_LocalPosition: {x: 0, y: 0, z: 0}
  m_LocalScale: {x: 1, y: 1, z: 1}
  m_Children:
  - {fileID: 4054284410194270697}
  - {fileID: 4054284411059636668}
  - {fileID: 4054284409463557079}
  - {fileID: 4054284409751852552}
  - {fileID: 4054284410741960919}
  - {fileID: 4054284410732548657}
  - {fileID: 4054284409026846911}
  - {fileID: 4054284409691750239}
  - {fileID: 4054284410190949136}
  - {fileID: 4054284411072657778}
  - {fileID: 4054284410438755094}
  - {fileID: 4054284409363256951}
  - {fileID: 4054284409017801941}
  - {fileID: 4054284410962071189}
  m_Father: {fileID: 0}
  m_RootOrder: 0
  m_LocalEulerAnglesHint: {x: 0, y: 0, z: 0}
--- !u!1001 &4596221720290844313
PrefabInstance:
  m_ObjectHideFlags: 0
  serializedVersion: 2
  m_Modification:
    m_TransformParent: {fileID: 9062626229449880780}
    m_Modifications:
    - target: {fileID: -8679921383154817045, guid: 7e1551cc6d9a0c94c995ed73ed233295, type: 3}
      propertyPath: m_RootOrder
      value: 9
      objectReference: {fileID: 0}
    - target: {fileID: -8679921383154817045, guid: 7e1551cc6d9a0c94c995ed73ed233295, type: 3}
      propertyPath: m_LocalScale.x
      value: 5.144708
      objectReference: {fileID: 0}
    - target: {fileID: -8679921383154817045, guid: 7e1551cc6d9a0c94c995ed73ed233295, type: 3}
      propertyPath: m_LocalScale.y
      value: 5.1447077
      objectReference: {fileID: 0}
    - target: {fileID: -8679921383154817045, guid: 7e1551cc6d9a0c94c995ed73ed233295, type: 3}
      propertyPath: m_LocalScale.z
      value: 5.1447077
      objectReference: {fileID: 0}
    - target: {fileID: -8679921383154817045, guid: 7e1551cc6d9a0c94c995ed73ed233295, type: 3}
      propertyPath: m_LocalPosition.x
      value: 55.7
      objectReference: {fileID: 0}
    - target: {fileID: -8679921383154817045, guid: 7e1551cc6d9a0c94c995ed73ed233295, type: 3}
      propertyPath: m_LocalPosition.y
      value: -0.4
      objectReference: {fileID: 0}
    - target: {fileID: -8679921383154817045, guid: 7e1551cc6d9a0c94c995ed73ed233295, type: 3}
      propertyPath: m_LocalPosition.z
      value: 46.3
      objectReference: {fileID: 0}
    - target: {fileID: -8679921383154817045, guid: 7e1551cc6d9a0c94c995ed73ed233295, type: 3}
      propertyPath: m_LocalRotation.w
      value: 0.64796346
      objectReference: {fileID: 0}
    - target: {fileID: -8679921383154817045, guid: 7e1551cc6d9a0c94c995ed73ed233295, type: 3}
      propertyPath: m_LocalRotation.x
      value: -0.6479635
      objectReference: {fileID: 0}
    - target: {fileID: -8679921383154817045, guid: 7e1551cc6d9a0c94c995ed73ed233295, type: 3}
      propertyPath: m_LocalRotation.y
      value: 0.28309602
      objectReference: {fileID: 0}
    - target: {fileID: -8679921383154817045, guid: 7e1551cc6d9a0c94c995ed73ed233295, type: 3}
      propertyPath: m_LocalRotation.z
      value: 0.28309605
      objectReference: {fileID: 0}
    - target: {fileID: -8679921383154817045, guid: 7e1551cc6d9a0c94c995ed73ed233295, type: 3}
      propertyPath: m_LocalEulerAnglesHint.x
      value: -90
      objectReference: {fileID: 0}
    - target: {fileID: -8679921383154817045, guid: 7e1551cc6d9a0c94c995ed73ed233295, type: 3}
      propertyPath: m_LocalEulerAnglesHint.y
      value: 0
      objectReference: {fileID: 0}
    - target: {fileID: -8679921383154817045, guid: 7e1551cc6d9a0c94c995ed73ed233295, type: 3}
      propertyPath: m_LocalEulerAnglesHint.z
      value: 47.201
      objectReference: {fileID: 0}
    - target: {fileID: -7511558181221131132, guid: 7e1551cc6d9a0c94c995ed73ed233295, type: 3}
      propertyPath: m_Materials.Array.data[0]
      value: 
      objectReference: {fileID: 2100000, guid: 5ed3dea1c4d539742bd88144e8b00424, type: 2}
    - target: {fileID: 919132149155446097, guid: 7e1551cc6d9a0c94c995ed73ed233295, type: 3}
      propertyPath: m_Name
      value: floor (10)
      objectReference: {fileID: 0}
    m_RemovedComponents: []
  m_SourcePrefab: {fileID: 100100000, guid: 7e1551cc6d9a0c94c995ed73ed233295, type: 3}
--- !u!4 &4054284411072657778 stripped
Transform:
  m_CorrespondingSourceObject: {fileID: -8679921383154817045, guid: 7e1551cc6d9a0c94c995ed73ed233295, type: 3}
  m_PrefabInstance: {fileID: 4596221720290844313}
  m_PrefabAsset: {fileID: 0}
--- !u!1001 &4596221720328695383
PrefabInstance:
  m_ObjectHideFlags: 0
  serializedVersion: 2
  m_Modification:
    m_TransformParent: {fileID: 9062626229449880780}
    m_Modifications:
    - target: {fileID: -8679921383154817045, guid: 7e1551cc6d9a0c94c995ed73ed233295, type: 3}
      propertyPath: m_RootOrder
      value: 1
      objectReference: {fileID: 0}
    - target: {fileID: -8679921383154817045, guid: 7e1551cc6d9a0c94c995ed73ed233295, type: 3}
      propertyPath: m_LocalScale.x
      value: 5.144708
      objectReference: {fileID: 0}
    - target: {fileID: -8679921383154817045, guid: 7e1551cc6d9a0c94c995ed73ed233295, type: 3}
      propertyPath: m_LocalScale.y
      value: 5.1447077
      objectReference: {fileID: 0}
    - target: {fileID: -8679921383154817045, guid: 7e1551cc6d9a0c94c995ed73ed233295, type: 3}
      propertyPath: m_LocalScale.z
      value: 5.1447077
      objectReference: {fileID: 0}
    - target: {fileID: -8679921383154817045, guid: 7e1551cc6d9a0c94c995ed73ed233295, type: 3}
      propertyPath: m_LocalPosition.x
      value: -88.4
      objectReference: {fileID: 0}
    - target: {fileID: -8679921383154817045, guid: 7e1551cc6d9a0c94c995ed73ed233295, type: 3}
      propertyPath: m_LocalPosition.y
      value: -0.4
      objectReference: {fileID: 0}
    - target: {fileID: -8679921383154817045, guid: 7e1551cc6d9a0c94c995ed73ed233295, type: 3}
      propertyPath: m_LocalPosition.z
      value: -10.6
      objectReference: {fileID: 0}
    - target: {fileID: -8679921383154817045, guid: 7e1551cc6d9a0c94c995ed73ed233295, type: 3}
      propertyPath: m_LocalRotation.w
      value: 0.7071068
      objectReference: {fileID: 0}
    - target: {fileID: -8679921383154817045, guid: 7e1551cc6d9a0c94c995ed73ed233295, type: 3}
      propertyPath: m_LocalRotation.x
      value: -0.7071068
      objectReference: {fileID: 0}
    - target: {fileID: -8679921383154817045, guid: 7e1551cc6d9a0c94c995ed73ed233295, type: 3}
      propertyPath: m_LocalRotation.y
      value: -0
      objectReference: {fileID: 0}
    - target: {fileID: -8679921383154817045, guid: 7e1551cc6d9a0c94c995ed73ed233295, type: 3}
      propertyPath: m_LocalRotation.z
      value: -0
      objectReference: {fileID: 0}
    - target: {fileID: -8679921383154817045, guid: 7e1551cc6d9a0c94c995ed73ed233295, type: 3}
      propertyPath: m_LocalEulerAnglesHint.x
      value: 0
      objectReference: {fileID: 0}
    - target: {fileID: -8679921383154817045, guid: 7e1551cc6d9a0c94c995ed73ed233295, type: 3}
      propertyPath: m_LocalEulerAnglesHint.y
      value: 0
      objectReference: {fileID: 0}
    - target: {fileID: -8679921383154817045, guid: 7e1551cc6d9a0c94c995ed73ed233295, type: 3}
      propertyPath: m_LocalEulerAnglesHint.z
      value: 0
      objectReference: {fileID: 0}
    - target: {fileID: -7511558181221131132, guid: 7e1551cc6d9a0c94c995ed73ed233295, type: 3}
      propertyPath: m_Materials.Array.data[0]
      value: 
      objectReference: {fileID: 2100000, guid: 5ed3dea1c4d539742bd88144e8b00424, type: 2}
    - target: {fileID: 919132149155446097, guid: 7e1551cc6d9a0c94c995ed73ed233295, type: 3}
      propertyPath: m_Name
      value: floor (2)
      objectReference: {fileID: 0}
    m_RemovedComponents: []
  m_SourcePrefab: {fileID: 100100000, guid: 7e1551cc6d9a0c94c995ed73ed233295, type: 3}
--- !u!4 &4054284411059636668 stripped
Transform:
  m_CorrespondingSourceObject: {fileID: -8679921383154817045, guid: 7e1551cc6d9a0c94c995ed73ed233295, type: 3}
  m_PrefabInstance: {fileID: 4596221720328695383}
  m_PrefabAsset: {fileID: 0}
--- !u!1001 &4596221720434649470
PrefabInstance:
  m_ObjectHideFlags: 0
  serializedVersion: 2
  m_Modification:
    m_TransformParent: {fileID: 9062626229449880780}
    m_Modifications:
    - target: {fileID: -8679921383154817045, guid: 7e1551cc6d9a0c94c995ed73ed233295, type: 3}
      propertyPath: m_RootOrder
      value: 13
      objectReference: {fileID: 0}
    - target: {fileID: -8679921383154817045, guid: 7e1551cc6d9a0c94c995ed73ed233295, type: 3}
      propertyPath: m_LocalScale.x
      value: 5.144708
      objectReference: {fileID: 0}
    - target: {fileID: -8679921383154817045, guid: 7e1551cc6d9a0c94c995ed73ed233295, type: 3}
      propertyPath: m_LocalScale.y
      value: 5.144708
      objectReference: {fileID: 0}
    - target: {fileID: -8679921383154817045, guid: 7e1551cc6d9a0c94c995ed73ed233295, type: 3}
      propertyPath: m_LocalScale.z
      value: 5.1447077
      objectReference: {fileID: 0}
    - target: {fileID: -8679921383154817045, guid: 7e1551cc6d9a0c94c995ed73ed233295, type: 3}
      propertyPath: m_LocalPosition.x
      value: -66.1
      objectReference: {fileID: 0}
    - target: {fileID: -8679921383154817045, guid: 7e1551cc6d9a0c94c995ed73ed233295, type: 3}
      propertyPath: m_LocalPosition.y
      value: -0.4
      objectReference: {fileID: 0}
    - target: {fileID: -8679921383154817045, guid: 7e1551cc6d9a0c94c995ed73ed233295, type: 3}
      propertyPath: m_LocalPosition.z
      value: -42.2
      objectReference: {fileID: 0}
    - target: {fileID: -8679921383154817045, guid: 7e1551cc6d9a0c94c995ed73ed233295, type: 3}
      propertyPath: m_LocalRotation.w
      value: 0.6769693
      objectReference: {fileID: 0}
    - target: {fileID: -8679921383154817045, guid: 7e1551cc6d9a0c94c995ed73ed233295, type: 3}
      propertyPath: m_LocalRotation.x
      value: -0.6769693
      objectReference: {fileID: 0}
    - target: {fileID: -8679921383154817045, guid: 7e1551cc6d9a0c94c995ed73ed233295, type: 3}
      propertyPath: m_LocalRotation.y
      value: -0.20423678
      objectReference: {fileID: 0}
    - target: {fileID: -8679921383154817045, guid: 7e1551cc6d9a0c94c995ed73ed233295, type: 3}
      propertyPath: m_LocalRotation.z
      value: -0.20423678
      objectReference: {fileID: 0}
    - target: {fileID: -8679921383154817045, guid: 7e1551cc6d9a0c94c995ed73ed233295, type: 3}
      propertyPath: m_LocalEulerAnglesHint.x
      value: -90
      objectReference: {fileID: 0}
    - target: {fileID: -8679921383154817045, guid: 7e1551cc6d9a0c94c995ed73ed233295, type: 3}
      propertyPath: m_LocalEulerAnglesHint.y
      value: 0
      objectReference: {fileID: 0}
    - target: {fileID: -8679921383154817045, guid: 7e1551cc6d9a0c94c995ed73ed233295, type: 3}
      propertyPath: m_LocalEulerAnglesHint.z
      value: -33.576
      objectReference: {fileID: 0}
    - target: {fileID: -7511558181221131132, guid: 7e1551cc6d9a0c94c995ed73ed233295, type: 3}
      propertyPath: m_Materials.Array.data[0]
      value: 
      objectReference: {fileID: 2100000, guid: 5ed3dea1c4d539742bd88144e8b00424, type: 2}
    - target: {fileID: 919132149155446097, guid: 7e1551cc6d9a0c94c995ed73ed233295, type: 3}
      propertyPath: m_Name
      value: floor (14)
      objectReference: {fileID: 0}
    m_RemovedComponents: []
  m_SourcePrefab: {fileID: 100100000, guid: 7e1551cc6d9a0c94c995ed73ed233295, type: 3}
--- !u!4 &4054284410962071189 stripped
Transform:
  m_CorrespondingSourceObject: {fileID: -8679921383154817045, guid: 7e1551cc6d9a0c94c995ed73ed233295, type: 3}
  m_PrefabInstance: {fileID: 4596221720434649470}
  m_PrefabAsset: {fileID: 0}
--- !u!1001 &4596221720612886332
PrefabInstance:
  m_ObjectHideFlags: 0
  serializedVersion: 2
  m_Modification:
    m_TransformParent: {fileID: 9062626229449880780}
    m_Modifications:
    - target: {fileID: -8679921383154817045, guid: 7e1551cc6d9a0c94c995ed73ed233295, type: 3}
      propertyPath: m_RootOrder
      value: 4
      objectReference: {fileID: 0}
    - target: {fileID: -8679921383154817045, guid: 7e1551cc6d9a0c94c995ed73ed233295, type: 3}
      propertyPath: m_LocalScale.x
      value: 5.144708
      objectReference: {fileID: 0}
    - target: {fileID: -8679921383154817045, guid: 7e1551cc6d9a0c94c995ed73ed233295, type: 3}
      propertyPath: m_LocalScale.y
      value: 5.1447077
      objectReference: {fileID: 0}
    - target: {fileID: -8679921383154817045, guid: 7e1551cc6d9a0c94c995ed73ed233295, type: 3}
      propertyPath: m_LocalScale.z
      value: 5.1447077
      objectReference: {fileID: 0}
    - target: {fileID: -8679921383154817045, guid: 7e1551cc6d9a0c94c995ed73ed233295, type: 3}
      propertyPath: m_LocalPosition.x
      value: 77.6
      objectReference: {fileID: 0}
    - target: {fileID: -8679921383154817045, guid: 7e1551cc6d9a0c94c995ed73ed233295, type: 3}
      propertyPath: m_LocalPosition.y
      value: -0.4
      objectReference: {fileID: 0}
    - target: {fileID: -8679921383154817045, guid: 7e1551cc6d9a0c94c995ed73ed233295, type: 3}
      propertyPath: m_LocalPosition.z
      value: -87.8
      objectReference: {fileID: 0}
    - target: {fileID: -8679921383154817045, guid: 7e1551cc6d9a0c94c995ed73ed233295, type: 3}
      propertyPath: m_LocalRotation.w
      value: 0.7071068
      objectReference: {fileID: 0}
    - target: {fileID: -8679921383154817045, guid: 7e1551cc6d9a0c94c995ed73ed233295, type: 3}
      propertyPath: m_LocalRotation.x
      value: -0.7071068
      objectReference: {fileID: 0}
    - target: {fileID: -8679921383154817045, guid: 7e1551cc6d9a0c94c995ed73ed233295, type: 3}
      propertyPath: m_LocalRotation.y
      value: -0
      objectReference: {fileID: 0}
    - target: {fileID: -8679921383154817045, guid: 7e1551cc6d9a0c94c995ed73ed233295, type: 3}
      propertyPath: m_LocalRotation.z
      value: -0
      objectReference: {fileID: 0}
    - target: {fileID: -8679921383154817045, guid: 7e1551cc6d9a0c94c995ed73ed233295, type: 3}
      propertyPath: m_LocalEulerAnglesHint.x
      value: 0
      objectReference: {fileID: 0}
    - target: {fileID: -8679921383154817045, guid: 7e1551cc6d9a0c94c995ed73ed233295, type: 3}
      propertyPath: m_LocalEulerAnglesHint.y
      value: 0
      objectReference: {fileID: 0}
    - target: {fileID: -8679921383154817045, guid: 7e1551cc6d9a0c94c995ed73ed233295, type: 3}
      propertyPath: m_LocalEulerAnglesHint.z
      value: 0
      objectReference: {fileID: 0}
    - target: {fileID: -7511558181221131132, guid: 7e1551cc6d9a0c94c995ed73ed233295, type: 3}
      propertyPath: m_Materials.Array.data[0]
      value: 
      objectReference: {fileID: 2100000, guid: 5ed3dea1c4d539742bd88144e8b00424, type: 2}
    - target: {fileID: 919132149155446097, guid: 7e1551cc6d9a0c94c995ed73ed233295, type: 3}
      propertyPath: m_Name
      value: floor (5)
      objectReference: {fileID: 0}
    m_RemovedComponents: []
  m_SourcePrefab: {fileID: 100100000, guid: 7e1551cc6d9a0c94c995ed73ed233295, type: 3}
--- !u!4 &4054284410741960919 stripped
Transform:
  m_CorrespondingSourceObject: {fileID: -8679921383154817045, guid: 7e1551cc6d9a0c94c995ed73ed233295, type: 3}
  m_PrefabInstance: {fileID: 4596221720612886332}
  m_PrefabAsset: {fileID: 0}
--- !u!1001 &4596221720622495194
PrefabInstance:
  m_ObjectHideFlags: 0
  serializedVersion: 2
  m_Modification:
    m_TransformParent: {fileID: 9062626229449880780}
    m_Modifications:
    - target: {fileID: -8679921383154817045, guid: 7e1551cc6d9a0c94c995ed73ed233295, type: 3}
      propertyPath: m_RootOrder
      value: 5
      objectReference: {fileID: 0}
    - target: {fileID: -8679921383154817045, guid: 7e1551cc6d9a0c94c995ed73ed233295, type: 3}
      propertyPath: m_LocalScale.x
      value: 5.144708
      objectReference: {fileID: 0}
    - target: {fileID: -8679921383154817045, guid: 7e1551cc6d9a0c94c995ed73ed233295, type: 3}
      propertyPath: m_LocalScale.y
      value: 5.1447077
      objectReference: {fileID: 0}
    - target: {fileID: -8679921383154817045, guid: 7e1551cc6d9a0c94c995ed73ed233295, type: 3}
      propertyPath: m_LocalScale.z
      value: 5.1447077
      objectReference: {fileID: 0}
    - target: {fileID: -8679921383154817045, guid: 7e1551cc6d9a0c94c995ed73ed233295, type: 3}
      propertyPath: m_LocalPosition.x
      value: 76.4
      objectReference: {fileID: 0}
    - target: {fileID: -8679921383154817045, guid: 7e1551cc6d9a0c94c995ed73ed233295, type: 3}
      propertyPath: m_LocalPosition.y
      value: -0.4
      objectReference: {fileID: 0}
    - target: {fileID: -8679921383154817045, guid: 7e1551cc6d9a0c94c995ed73ed233295, type: 3}
      propertyPath: m_LocalPosition.z
      value: -1
      objectReference: {fileID: 0}
    - target: {fileID: -8679921383154817045, guid: 7e1551cc6d9a0c94c995ed73ed233295, type: 3}
      propertyPath: m_LocalRotation.w
      value: 0.7071068
      objectReference: {fileID: 0}
    - target: {fileID: -8679921383154817045, guid: 7e1551cc6d9a0c94c995ed73ed233295, type: 3}
      propertyPath: m_LocalRotation.x
      value: -0.7071068
      objectReference: {fileID: 0}
    - target: {fileID: -8679921383154817045, guid: 7e1551cc6d9a0c94c995ed73ed233295, type: 3}
      propertyPath: m_LocalRotation.y
      value: -0
      objectReference: {fileID: 0}
    - target: {fileID: -8679921383154817045, guid: 7e1551cc6d9a0c94c995ed73ed233295, type: 3}
      propertyPath: m_LocalRotation.z
      value: -0
      objectReference: {fileID: 0}
    - target: {fileID: -8679921383154817045, guid: 7e1551cc6d9a0c94c995ed73ed233295, type: 3}
      propertyPath: m_LocalEulerAnglesHint.x
      value: 0
      objectReference: {fileID: 0}
    - target: {fileID: -8679921383154817045, guid: 7e1551cc6d9a0c94c995ed73ed233295, type: 3}
      propertyPath: m_LocalEulerAnglesHint.y
      value: 0
      objectReference: {fileID: 0}
    - target: {fileID: -8679921383154817045, guid: 7e1551cc6d9a0c94c995ed73ed233295, type: 3}
      propertyPath: m_LocalEulerAnglesHint.z
      value: 0
      objectReference: {fileID: 0}
    - target: {fileID: -7511558181221131132, guid: 7e1551cc6d9a0c94c995ed73ed233295, type: 3}
      propertyPath: m_Materials.Array.data[0]
      value: 
      objectReference: {fileID: 2100000, guid: 5ed3dea1c4d539742bd88144e8b00424, type: 2}
    - target: {fileID: 919132149155446097, guid: 7e1551cc6d9a0c94c995ed73ed233295, type: 3}
      propertyPath: m_Name
      value: floor (6)
      objectReference: {fileID: 0}
    m_RemovedComponents: []
  m_SourcePrefab: {fileID: 100100000, guid: 7e1551cc6d9a0c94c995ed73ed233295, type: 3}
--- !u!4 &4054284410732548657 stripped
Transform:
  m_CorrespondingSourceObject: {fileID: -8679921383154817045, guid: 7e1551cc6d9a0c94c995ed73ed233295, type: 3}
  m_PrefabInstance: {fileID: 4596221720622495194}
  m_PrefabAsset: {fileID: 0}
--- !u!1001 &4596221720916280573
PrefabInstance:
  m_ObjectHideFlags: 0
  serializedVersion: 2
  m_Modification:
    m_TransformParent: {fileID: 9062626229449880780}
    m_Modifications:
    - target: {fileID: -8679921383154817045, guid: 7e1551cc6d9a0c94c995ed73ed233295, type: 3}
      propertyPath: m_RootOrder
      value: 10
      objectReference: {fileID: 0}
    - target: {fileID: -8679921383154817045, guid: 7e1551cc6d9a0c94c995ed73ed233295, type: 3}
      propertyPath: m_LocalScale.x
      value: 5.144708
      objectReference: {fileID: 0}
    - target: {fileID: -8679921383154817045, guid: 7e1551cc6d9a0c94c995ed73ed233295, type: 3}
      propertyPath: m_LocalScale.y
      value: 5.1447077
      objectReference: {fileID: 0}
    - target: {fileID: -8679921383154817045, guid: 7e1551cc6d9a0c94c995ed73ed233295, type: 3}
      propertyPath: m_LocalScale.z
      value: 5.1447077
      objectReference: {fileID: 0}
    - target: {fileID: -8679921383154817045, guid: 7e1551cc6d9a0c94c995ed73ed233295, type: 3}
      propertyPath: m_LocalPosition.x
      value: 51.9
      objectReference: {fileID: 0}
    - target: {fileID: -8679921383154817045, guid: 7e1551cc6d9a0c94c995ed73ed233295, type: 3}
      propertyPath: m_LocalPosition.y
      value: -0.4
      objectReference: {fileID: 0}
    - target: {fileID: -8679921383154817045, guid: 7e1551cc6d9a0c94c995ed73ed233295, type: 3}
      propertyPath: m_LocalPosition.z
      value: -51.8
      objectReference: {fileID: 0}
    - target: {fileID: -8679921383154817045, guid: 7e1551cc6d9a0c94c995ed73ed233295, type: 3}
      propertyPath: m_LocalRotation.w
      value: 0.64796346
      objectReference: {fileID: 0}
    - target: {fileID: -8679921383154817045, guid: 7e1551cc6d9a0c94c995ed73ed233295, type: 3}
      propertyPath: m_LocalRotation.x
      value: -0.6479635
      objectReference: {fileID: 0}
    - target: {fileID: -8679921383154817045, guid: 7e1551cc6d9a0c94c995ed73ed233295, type: 3}
      propertyPath: m_LocalRotation.y
      value: 0.28309602
      objectReference: {fileID: 0}
    - target: {fileID: -8679921383154817045, guid: 7e1551cc6d9a0c94c995ed73ed233295, type: 3}
      propertyPath: m_LocalRotation.z
      value: 0.28309605
      objectReference: {fileID: 0}
    - target: {fileID: -8679921383154817045, guid: 7e1551cc6d9a0c94c995ed73ed233295, type: 3}
      propertyPath: m_LocalEulerAnglesHint.x
      value: -90
      objectReference: {fileID: 0}
    - target: {fileID: -8679921383154817045, guid: 7e1551cc6d9a0c94c995ed73ed233295, type: 3}
      propertyPath: m_LocalEulerAnglesHint.y
      value: 0
      objectReference: {fileID: 0}
    - target: {fileID: -8679921383154817045, guid: 7e1551cc6d9a0c94c995ed73ed233295, type: 3}
      propertyPath: m_LocalEulerAnglesHint.z
      value: 47.201
      objectReference: {fileID: 0}
    - target: {fileID: -7511558181221131132, guid: 7e1551cc6d9a0c94c995ed73ed233295, type: 3}
      propertyPath: m_Materials.Array.data[0]
      value: 
      objectReference: {fileID: 2100000, guid: 5ed3dea1c4d539742bd88144e8b00424, type: 2}
    - target: {fileID: 919132149155446097, guid: 7e1551cc6d9a0c94c995ed73ed233295, type: 3}
      propertyPath: m_Name
      value: floor (11)
      objectReference: {fileID: 0}
    m_RemovedComponents: []
  m_SourcePrefab: {fileID: 100100000, guid: 7e1551cc6d9a0c94c995ed73ed233295, type: 3}
--- !u!4 &4054284410438755094 stripped
Transform:
  m_CorrespondingSourceObject: {fileID: -8679921383154817045, guid: 7e1551cc6d9a0c94c995ed73ed233295, type: 3}
  m_PrefabInstance: {fileID: 4596221720916280573}
  m_PrefabAsset: {fileID: 0}
--- !u!1001 &4596221721160580610
PrefabInstance:
  m_ObjectHideFlags: 0
  serializedVersion: 2
  m_Modification:
    m_TransformParent: {fileID: 9062626229449880780}
    m_Modifications:
    - target: {fileID: -8679921383154817045, guid: 7e1551cc6d9a0c94c995ed73ed233295, type: 3}
      propertyPath: m_RootOrder
      value: 0
      objectReference: {fileID: 0}
    - target: {fileID: -8679921383154817045, guid: 7e1551cc6d9a0c94c995ed73ed233295, type: 3}
      propertyPath: m_LocalScale.x
      value: 5.144708
      objectReference: {fileID: 0}
    - target: {fileID: -8679921383154817045, guid: 7e1551cc6d9a0c94c995ed73ed233295, type: 3}
      propertyPath: m_LocalScale.y
      value: 5.1447077
      objectReference: {fileID: 0}
    - target: {fileID: -8679921383154817045, guid: 7e1551cc6d9a0c94c995ed73ed233295, type: 3}
      propertyPath: m_LocalScale.z
      value: 5.1447077
      objectReference: {fileID: 0}
    - target: {fileID: -8679921383154817045, guid: 7e1551cc6d9a0c94c995ed73ed233295, type: 3}
      propertyPath: m_LocalPosition.x
      value: -88.4
      objectReference: {fileID: 0}
    - target: {fileID: -8679921383154817045, guid: 7e1551cc6d9a0c94c995ed73ed233295, type: 3}
      propertyPath: m_LocalPosition.y
      value: -0.4
      objectReference: {fileID: 0}
    - target: {fileID: -8679921383154817045, guid: 7e1551cc6d9a0c94c995ed73ed233295, type: 3}
      propertyPath: m_LocalPosition.z
      value: 74.8
      objectReference: {fileID: 0}
    - target: {fileID: -8679921383154817045, guid: 7e1551cc6d9a0c94c995ed73ed233295, type: 3}
      propertyPath: m_LocalRotation.w
      value: 0.7071068
      objectReference: {fileID: 0}
    - target: {fileID: -8679921383154817045, guid: 7e1551cc6d9a0c94c995ed73ed233295, type: 3}
      propertyPath: m_LocalRotation.x
      value: -0.7071068
      objectReference: {fileID: 0}
    - target: {fileID: -8679921383154817045, guid: 7e1551cc6d9a0c94c995ed73ed233295, type: 3}
      propertyPath: m_LocalRotation.y
      value: -0
      objectReference: {fileID: 0}
    - target: {fileID: -8679921383154817045, guid: 7e1551cc6d9a0c94c995ed73ed233295, type: 3}
      propertyPath: m_LocalRotation.z
      value: -0
      objectReference: {fileID: 0}
    - target: {fileID: -8679921383154817045, guid: 7e1551cc6d9a0c94c995ed73ed233295, type: 3}
      propertyPath: m_LocalEulerAnglesHint.x
      value: 0
      objectReference: {fileID: 0}
    - target: {fileID: -8679921383154817045, guid: 7e1551cc6d9a0c94c995ed73ed233295, type: 3}
      propertyPath: m_LocalEulerAnglesHint.y
      value: 0
      objectReference: {fileID: 0}
    - target: {fileID: -8679921383154817045, guid: 7e1551cc6d9a0c94c995ed73ed233295, type: 3}
      propertyPath: m_LocalEulerAnglesHint.z
      value: 0
      objectReference: {fileID: 0}
    - target: {fileID: -7511558181221131132, guid: 7e1551cc6d9a0c94c995ed73ed233295, type: 3}
      propertyPath: m_Materials.Array.data[0]
      value: 
      objectReference: {fileID: 2100000, guid: 5ed3dea1c4d539742bd88144e8b00424, type: 2}
    - target: {fileID: 919132149155446097, guid: 7e1551cc6d9a0c94c995ed73ed233295, type: 3}
      propertyPath: m_Name
      value: floor (1)
      objectReference: {fileID: 0}
    m_RemovedComponents: []
  m_SourcePrefab: {fileID: 100100000, guid: 7e1551cc6d9a0c94c995ed73ed233295, type: 3}
--- !u!4 &4054284410194270697 stripped
Transform:
  m_CorrespondingSourceObject: {fileID: -8679921383154817045, guid: 7e1551cc6d9a0c94c995ed73ed233295, type: 3}
  m_PrefabInstance: {fileID: 4596221721160580610}
  m_PrefabAsset: {fileID: 0}
--- !u!1001 &4596221721205837051
PrefabInstance:
  m_ObjectHideFlags: 0
  serializedVersion: 2
  m_Modification:
    m_TransformParent: {fileID: 9062626229449880780}
    m_Modifications:
    - target: {fileID: -8679921383154817045, guid: 7e1551cc6d9a0c94c995ed73ed233295, type: 3}
      propertyPath: m_RootOrder
      value: 8
      objectReference: {fileID: 0}
    - target: {fileID: -8679921383154817045, guid: 7e1551cc6d9a0c94c995ed73ed233295, type: 3}
      propertyPath: m_LocalScale.x
      value: 5.144708
      objectReference: {fileID: 0}
    - target: {fileID: -8679921383154817045, guid: 7e1551cc6d9a0c94c995ed73ed233295, type: 3}
      propertyPath: m_LocalScale.y
      value: 5.1447086
      objectReference: {fileID: 0}
    - target: {fileID: -8679921383154817045, guid: 7e1551cc6d9a0c94c995ed73ed233295, type: 3}
      propertyPath: m_LocalScale.z
      value: 5.144708
      objectReference: {fileID: 0}
    - target: {fileID: -8679921383154817045, guid: 7e1551cc6d9a0c94c995ed73ed233295, type: 3}
      propertyPath: m_LocalPosition.x
      value: -76.1
      objectReference: {fileID: 0}
    - target: {fileID: -8679921383154817045, guid: 7e1551cc6d9a0c94c995ed73ed233295, type: 3}
      propertyPath: m_LocalPosition.y
      value: -0.4
      objectReference: {fileID: 0}
    - target: {fileID: -8679921383154817045, guid: 7e1551cc6d9a0c94c995ed73ed233295, type: 3}
      propertyPath: m_LocalPosition.z
      value: 18.3
      objectReference: {fileID: 0}
    - target: {fileID: -8679921383154817045, guid: 7e1551cc6d9a0c94c995ed73ed233295, type: 3}
      propertyPath: m_LocalRotation.w
      value: 0.7001454
      objectReference: {fileID: 0}
    - target: {fileID: -8679921383154817045, guid: 7e1551cc6d9a0c94c995ed73ed233295, type: 3}
      propertyPath: m_LocalRotation.x
      value: -0.70014536
      objectReference: {fileID: 0}
    - target: {fileID: -8679921383154817045, guid: 7e1551cc6d9a0c94c995ed73ed233295, type: 3}
      propertyPath: m_LocalRotation.y
      value: 0.09897702
      objectReference: {fileID: 0}
    - target: {fileID: -8679921383154817045, guid: 7e1551cc6d9a0c94c995ed73ed233295, type: 3}
      propertyPath: m_LocalRotation.z
      value: 0.09897705
      objectReference: {fileID: 0}
    - target: {fileID: -8679921383154817045, guid: 7e1551cc6d9a0c94c995ed73ed233295, type: 3}
      propertyPath: m_LocalEulerAnglesHint.x
      value: -90
      objectReference: {fileID: 0}
    - target: {fileID: -8679921383154817045, guid: 7e1551cc6d9a0c94c995ed73ed233295, type: 3}
      propertyPath: m_LocalEulerAnglesHint.y
      value: 0
      objectReference: {fileID: 0}
    - target: {fileID: -8679921383154817045, guid: 7e1551cc6d9a0c94c995ed73ed233295, type: 3}
      propertyPath: m_LocalEulerAnglesHint.z
      value: 16.093
      objectReference: {fileID: 0}
    - target: {fileID: -7511558181221131132, guid: 7e1551cc6d9a0c94c995ed73ed233295, type: 3}
      propertyPath: m_Materials.Array.data[0]
      value: 
      objectReference: {fileID: 2100000, guid: 5ed3dea1c4d539742bd88144e8b00424, type: 2}
    - target: {fileID: 919132149155446097, guid: 7e1551cc6d9a0c94c995ed73ed233295, type: 3}
      propertyPath: m_Name
      value: floor (9)
      objectReference: {fileID: 0}
    m_RemovedComponents: []
  m_SourcePrefab: {fileID: 100100000, guid: 7e1551cc6d9a0c94c995ed73ed233295, type: 3}
--- !u!4 &4054284410190949136 stripped
Transform:
  m_CorrespondingSourceObject: {fileID: -8679921383154817045, guid: 7e1551cc6d9a0c94c995ed73ed233295, type: 3}
  m_PrefabInstance: {fileID: 4596221721205837051}
  m_PrefabAsset: {fileID: 0}
--- !u!1001 &4596221721636549091
PrefabInstance:
  m_ObjectHideFlags: 0
  serializedVersion: 2
  m_Modification:
    m_TransformParent: {fileID: 9062626229449880780}
    m_Modifications:
    - target: {fileID: -8679921383154817045, guid: 7e1551cc6d9a0c94c995ed73ed233295, type: 3}
      propertyPath: m_RootOrder
      value: 3
      objectReference: {fileID: 0}
    - target: {fileID: -8679921383154817045, guid: 7e1551cc6d9a0c94c995ed73ed233295, type: 3}
      propertyPath: m_LocalScale.x
      value: 5.144708
      objectReference: {fileID: 0}
    - target: {fileID: -8679921383154817045, guid: 7e1551cc6d9a0c94c995ed73ed233295, type: 3}
      propertyPath: m_LocalScale.y
      value: 5.1447077
      objectReference: {fileID: 0}
    - target: {fileID: -8679921383154817045, guid: 7e1551cc6d9a0c94c995ed73ed233295, type: 3}
      propertyPath: m_LocalScale.z
      value: 5.1447077
      objectReference: {fileID: 0}
    - target: {fileID: -8679921383154817045, guid: 7e1551cc6d9a0c94c995ed73ed233295, type: 3}
      propertyPath: m_LocalPosition.x
      value: -3.8
      objectReference: {fileID: 0}
    - target: {fileID: -8679921383154817045, guid: 7e1551cc6d9a0c94c995ed73ed233295, type: 3}
      propertyPath: m_LocalPosition.y
      value: -0.4
      objectReference: {fileID: 0}
    - target: {fileID: -8679921383154817045, guid: 7e1551cc6d9a0c94c995ed73ed233295, type: 3}
      propertyPath: m_LocalPosition.z
      value: -87.8
      objectReference: {fileID: 0}
    - target: {fileID: -8679921383154817045, guid: 7e1551cc6d9a0c94c995ed73ed233295, type: 3}
      propertyPath: m_LocalRotation.w
      value: 0.7071068
      objectReference: {fileID: 0}
    - target: {fileID: -8679921383154817045, guid: 7e1551cc6d9a0c94c995ed73ed233295, type: 3}
      propertyPath: m_LocalRotation.x
      value: -0.7071068
      objectReference: {fileID: 0}
    - target: {fileID: -8679921383154817045, guid: 7e1551cc6d9a0c94c995ed73ed233295, type: 3}
      propertyPath: m_LocalRotation.y
      value: -0
      objectReference: {fileID: 0}
    - target: {fileID: -8679921383154817045, guid: 7e1551cc6d9a0c94c995ed73ed233295, type: 3}
      propertyPath: m_LocalRotation.z
      value: -0
      objectReference: {fileID: 0}
    - target: {fileID: -8679921383154817045, guid: 7e1551cc6d9a0c94c995ed73ed233295, type: 3}
      propertyPath: m_LocalEulerAnglesHint.x
      value: 0
      objectReference: {fileID: 0}
    - target: {fileID: -8679921383154817045, guid: 7e1551cc6d9a0c94c995ed73ed233295, type: 3}
      propertyPath: m_LocalEulerAnglesHint.y
      value: 0
      objectReference: {fileID: 0}
    - target: {fileID: -8679921383154817045, guid: 7e1551cc6d9a0c94c995ed73ed233295, type: 3}
      propertyPath: m_LocalEulerAnglesHint.z
      value: 0
      objectReference: {fileID: 0}
    - target: {fileID: -7511558181221131132, guid: 7e1551cc6d9a0c94c995ed73ed233295, type: 3}
      propertyPath: m_Materials.Array.data[0]
      value: 
      objectReference: {fileID: 2100000, guid: 5ed3dea1c4d539742bd88144e8b00424, type: 2}
    - target: {fileID: 919132149155446097, guid: 7e1551cc6d9a0c94c995ed73ed233295, type: 3}
      propertyPath: m_Name
      value: floor (4)
      objectReference: {fileID: 0}
    m_RemovedComponents: []
  m_SourcePrefab: {fileID: 100100000, guid: 7e1551cc6d9a0c94c995ed73ed233295, type: 3}
--- !u!4 &4054284409751852552 stripped
Transform:
  m_CorrespondingSourceObject: {fileID: -8679921383154817045, guid: 7e1551cc6d9a0c94c995ed73ed233295, type: 3}
  m_PrefabInstance: {fileID: 4596221721636549091}
  m_PrefabAsset: {fileID: 0}
--- !u!1001 &4596221721663101108
PrefabInstance:
  m_ObjectHideFlags: 0
  serializedVersion: 2
  m_Modification:
    m_TransformParent: {fileID: 9062626229449880780}
    m_Modifications:
    - target: {fileID: -8679921383154817045, guid: 7e1551cc6d9a0c94c995ed73ed233295, type: 3}
      propertyPath: m_RootOrder
      value: 7
      objectReference: {fileID: 0}
    - target: {fileID: -8679921383154817045, guid: 7e1551cc6d9a0c94c995ed73ed233295, type: 3}
      propertyPath: m_LocalScale.x
      value: 5.144708
      objectReference: {fileID: 0}
    - target: {fileID: -8679921383154817045, guid: 7e1551cc6d9a0c94c995ed73ed233295, type: 3}
      propertyPath: m_LocalScale.y
      value: 5.1447077
      objectReference: {fileID: 0}
    - target: {fileID: -8679921383154817045, guid: 7e1551cc6d9a0c94c995ed73ed233295, type: 3}
      propertyPath: m_LocalScale.z
      value: 5.1447077
      objectReference: {fileID: 0}
    - target: {fileID: -8679921383154817045, guid: 7e1551cc6d9a0c94c995ed73ed233295, type: 3}
      propertyPath: m_LocalPosition.x
      value: -68.2
      objectReference: {fileID: 0}
    - target: {fileID: -8679921383154817045, guid: 7e1551cc6d9a0c94c995ed73ed233295, type: 3}
      propertyPath: m_LocalPosition.y
      value: -0.4
      objectReference: {fileID: 0}
    - target: {fileID: -8679921383154817045, guid: 7e1551cc6d9a0c94c995ed73ed233295, type: 3}
      propertyPath: m_LocalPosition.z
      value: -49.9
      objectReference: {fileID: 0}
    - target: {fileID: -8679921383154817045, guid: 7e1551cc6d9a0c94c995ed73ed233295, type: 3}
      propertyPath: m_LocalRotation.w
      value: 0.6487899
      objectReference: {fileID: 0}
    - target: {fileID: -8679921383154817045, guid: 7e1551cc6d9a0c94c995ed73ed233295, type: 3}
      propertyPath: m_LocalRotation.x
      value: -0.6487898
      objectReference: {fileID: 0}
    - target: {fileID: -8679921383154817045, guid: 7e1551cc6d9a0c94c995ed73ed233295, type: 3}
      propertyPath: m_LocalRotation.y
      value: -0.28119707
      objectReference: {fileID: 0}
    - target: {fileID: -8679921383154817045, guid: 7e1551cc6d9a0c94c995ed73ed233295, type: 3}
      propertyPath: m_LocalRotation.z
      value: -0.28119698
      objectReference: {fileID: 0}
    - target: {fileID: -8679921383154817045, guid: 7e1551cc6d9a0c94c995ed73ed233295, type: 3}
      propertyPath: m_LocalEulerAnglesHint.x
      value: -90
      objectReference: {fileID: 0}
    - target: {fileID: -8679921383154817045, guid: 7e1551cc6d9a0c94c995ed73ed233295, type: 3}
      propertyPath: m_LocalEulerAnglesHint.y
      value: 0
      objectReference: {fileID: 0}
    - target: {fileID: -8679921383154817045, guid: 7e1551cc6d9a0c94c995ed73ed233295, type: 3}
      propertyPath: m_LocalEulerAnglesHint.z
      value: -46.866
      objectReference: {fileID: 0}
    - target: {fileID: -7511558181221131132, guid: 7e1551cc6d9a0c94c995ed73ed233295, type: 3}
      propertyPath: m_Materials.Array.data[0]
      value: 
      objectReference: {fileID: 2100000, guid: 5ed3dea1c4d539742bd88144e8b00424, type: 2}
    - target: {fileID: 919132149155446097, guid: 7e1551cc6d9a0c94c995ed73ed233295, type: 3}
      propertyPath: m_Name
      value: floor (8)
      objectReference: {fileID: 0}
    m_RemovedComponents: []
  m_SourcePrefab: {fileID: 100100000, guid: 7e1551cc6d9a0c94c995ed73ed233295, type: 3}
--- !u!4 &4054284409691750239 stripped
Transform:
  m_CorrespondingSourceObject: {fileID: -8679921383154817045, guid: 7e1551cc6d9a0c94c995ed73ed233295, type: 3}
  m_PrefabInstance: {fileID: 4596221721663101108}
  m_PrefabAsset: {fileID: 0}
--- !u!1001 &4596221721899936828
PrefabInstance:
  m_ObjectHideFlags: 0
  serializedVersion: 2
  m_Modification:
    m_TransformParent: {fileID: 9062626229449880780}
    m_Modifications:
    - target: {fileID: -8679921383154817045, guid: 7e1551cc6d9a0c94c995ed73ed233295, type: 3}
      propertyPath: m_RootOrder
      value: 2
      objectReference: {fileID: 0}
    - target: {fileID: -8679921383154817045, guid: 7e1551cc6d9a0c94c995ed73ed233295, type: 3}
      propertyPath: m_LocalScale.x
      value: 5.144708
      objectReference: {fileID: 0}
    - target: {fileID: -8679921383154817045, guid: 7e1551cc6d9a0c94c995ed73ed233295, type: 3}
      propertyPath: m_LocalScale.y
      value: 5.1447077
      objectReference: {fileID: 0}
    - target: {fileID: -8679921383154817045, guid: 7e1551cc6d9a0c94c995ed73ed233295, type: 3}
      propertyPath: m_LocalScale.z
      value: 5.1447077
      objectReference: {fileID: 0}
    - target: {fileID: -8679921383154817045, guid: 7e1551cc6d9a0c94c995ed73ed233295, type: 3}
      propertyPath: m_LocalPosition.x
      value: -88.4
      objectReference: {fileID: 0}
    - target: {fileID: -8679921383154817045, guid: 7e1551cc6d9a0c94c995ed73ed233295, type: 3}
      propertyPath: m_LocalPosition.y
      value: -0.4
      objectReference: {fileID: 0}
    - target: {fileID: -8679921383154817045, guid: 7e1551cc6d9a0c94c995ed73ed233295, type: 3}
      propertyPath: m_LocalPosition.z
      value: -87.8
      objectReference: {fileID: 0}
    - target: {fileID: -8679921383154817045, guid: 7e1551cc6d9a0c94c995ed73ed233295, type: 3}
      propertyPath: m_LocalRotation.w
      value: 0.7071068
      objectReference: {fileID: 0}
    - target: {fileID: -8679921383154817045, guid: 7e1551cc6d9a0c94c995ed73ed233295, type: 3}
      propertyPath: m_LocalRotation.x
      value: -0.7071068
      objectReference: {fileID: 0}
    - target: {fileID: -8679921383154817045, guid: 7e1551cc6d9a0c94c995ed73ed233295, type: 3}
      propertyPath: m_LocalRotation.y
      value: -0
      objectReference: {fileID: 0}
    - target: {fileID: -8679921383154817045, guid: 7e1551cc6d9a0c94c995ed73ed233295, type: 3}
      propertyPath: m_LocalRotation.z
      value: -0
      objectReference: {fileID: 0}
    - target: {fileID: -8679921383154817045, guid: 7e1551cc6d9a0c94c995ed73ed233295, type: 3}
      propertyPath: m_LocalEulerAnglesHint.x
      value: 0
      objectReference: {fileID: 0}
    - target: {fileID: -8679921383154817045, guid: 7e1551cc6d9a0c94c995ed73ed233295, type: 3}
      propertyPath: m_LocalEulerAnglesHint.y
      value: 0
      objectReference: {fileID: 0}
    - target: {fileID: -8679921383154817045, guid: 7e1551cc6d9a0c94c995ed73ed233295, type: 3}
      propertyPath: m_LocalEulerAnglesHint.z
      value: 0
      objectReference: {fileID: 0}
    - target: {fileID: -7511558181221131132, guid: 7e1551cc6d9a0c94c995ed73ed233295, type: 3}
      propertyPath: m_Materials.Array.data[0]
      value: 
      objectReference: {fileID: 2100000, guid: 5ed3dea1c4d539742bd88144e8b00424, type: 2}
    - target: {fileID: 919132149155446097, guid: 7e1551cc6d9a0c94c995ed73ed233295, type: 3}
      propertyPath: m_Name
      value: floor (3)
      objectReference: {fileID: 0}
    m_RemovedComponents: []
  m_SourcePrefab: {fileID: 100100000, guid: 7e1551cc6d9a0c94c995ed73ed233295, type: 3}
--- !u!4 &4054284409463557079 stripped
Transform:
  m_CorrespondingSourceObject: {fileID: -8679921383154817045, guid: 7e1551cc6d9a0c94c995ed73ed233295, type: 3}
  m_PrefabInstance: {fileID: 4596221721899936828}
  m_PrefabAsset: {fileID: 0}
--- !u!1001 &4596221721991524764
PrefabInstance:
  m_ObjectHideFlags: 0
  serializedVersion: 2
  m_Modification:
    m_TransformParent: {fileID: 9062626229449880780}
    m_Modifications:
    - target: {fileID: -8679921383154817045, guid: 7e1551cc6d9a0c94c995ed73ed233295, type: 3}
      propertyPath: m_RootOrder
      value: 11
      objectReference: {fileID: 0}
    - target: {fileID: -8679921383154817045, guid: 7e1551cc6d9a0c94c995ed73ed233295, type: 3}
      propertyPath: m_LocalScale.x
      value: 5.144708
      objectReference: {fileID: 0}
    - target: {fileID: -8679921383154817045, guid: 7e1551cc6d9a0c94c995ed73ed233295, type: 3}
      propertyPath: m_LocalScale.y
      value: 5.144708
      objectReference: {fileID: 0}
    - target: {fileID: -8679921383154817045, guid: 7e1551cc6d9a0c94c995ed73ed233295, type: 3}
      propertyPath: m_LocalScale.z
      value: 5.144708
      objectReference: {fileID: 0}
    - target: {fileID: -8679921383154817045, guid: 7e1551cc6d9a0c94c995ed73ed233295, type: 3}
      propertyPath: m_LocalPosition.x
      value: -42.7
      objectReference: {fileID: 0}
    - target: {fileID: -8679921383154817045, guid: 7e1551cc6d9a0c94c995ed73ed233295, type: 3}
      propertyPath: m_LocalPosition.y
      value: -0.4
      objectReference: {fileID: 0}
    - target: {fileID: -8679921383154817045, guid: 7e1551cc6d9a0c94c995ed73ed233295, type: 3}
      propertyPath: m_LocalPosition.z
      value: 65.3
      objectReference: {fileID: 0}
    - target: {fileID: -8679921383154817045, guid: 7e1551cc6d9a0c94c995ed73ed233295, type: 3}
      propertyPath: m_LocalRotation.w
      value: 0.668314
      objectReference: {fileID: 0}
    - target: {fileID: -8679921383154817045, guid: 7e1551cc6d9a0c94c995ed73ed233295, type: 3}
      propertyPath: m_LocalRotation.x
      value: -0.668314
      objectReference: {fileID: 0}
    - target: {fileID: -8679921383154817045, guid: 7e1551cc6d9a0c94c995ed73ed233295, type: 3}
      propertyPath: m_LocalRotation.y
      value: -0.23099016
      objectReference: {fileID: 0}
    - target: {fileID: -8679921383154817045, guid: 7e1551cc6d9a0c94c995ed73ed233295, type: 3}
      propertyPath: m_LocalRotation.z
      value: -0.2309901
      objectReference: {fileID: 0}
    - target: {fileID: -8679921383154817045, guid: 7e1551cc6d9a0c94c995ed73ed233295, type: 3}
      propertyPath: m_LocalEulerAnglesHint.x
      value: -90
      objectReference: {fileID: 0}
    - target: {fileID: -8679921383154817045, guid: 7e1551cc6d9a0c94c995ed73ed233295, type: 3}
      propertyPath: m_LocalEulerAnglesHint.y
      value: 0
      objectReference: {fileID: 0}
    - target: {fileID: -8679921383154817045, guid: 7e1551cc6d9a0c94c995ed73ed233295, type: 3}
      propertyPath: m_LocalEulerAnglesHint.z
      value: -38.133
      objectReference: {fileID: 0}
    - target: {fileID: -7511558181221131132, guid: 7e1551cc6d9a0c94c995ed73ed233295, type: 3}
      propertyPath: m_Materials.Array.data[0]
      value: 
      objectReference: {fileID: 2100000, guid: 5ed3dea1c4d539742bd88144e8b00424, type: 2}
    - target: {fileID: 919132149155446097, guid: 7e1551cc6d9a0c94c995ed73ed233295, type: 3}
      propertyPath: m_Name
      value: floor (12)
      objectReference: {fileID: 0}
    m_RemovedComponents: []
  m_SourcePrefab: {fileID: 100100000, guid: 7e1551cc6d9a0c94c995ed73ed233295, type: 3}
--- !u!4 &4054284409363256951 stripped
Transform:
  m_CorrespondingSourceObject: {fileID: -8679921383154817045, guid: 7e1551cc6d9a0c94c995ed73ed233295, type: 3}
  m_PrefabInstance: {fileID: 4596221721991524764}
  m_PrefabAsset: {fileID: 0}
--- !u!1001 &4596221722336577364
PrefabInstance:
  m_ObjectHideFlags: 0
  serializedVersion: 2
  m_Modification:
    m_TransformParent: {fileID: 9062626229449880780}
    m_Modifications:
    - target: {fileID: -8679921383154817045, guid: 7e1551cc6d9a0c94c995ed73ed233295, type: 3}
      propertyPath: m_RootOrder
      value: 6
      objectReference: {fileID: 0}
    - target: {fileID: -8679921383154817045, guid: 7e1551cc6d9a0c94c995ed73ed233295, type: 3}
      propertyPath: m_LocalScale.x
      value: 5.144708
      objectReference: {fileID: 0}
    - target: {fileID: -8679921383154817045, guid: 7e1551cc6d9a0c94c995ed73ed233295, type: 3}
      propertyPath: m_LocalScale.y
      value: 5.1447077
      objectReference: {fileID: 0}
    - target: {fileID: -8679921383154817045, guid: 7e1551cc6d9a0c94c995ed73ed233295, type: 3}
      propertyPath: m_LocalScale.z
      value: 5.1447077
      objectReference: {fileID: 0}
    - target: {fileID: -8679921383154817045, guid: 7e1551cc6d9a0c94c995ed73ed233295, type: 3}
      propertyPath: m_LocalPosition.x
      value: 77.6
      objectReference: {fileID: 0}
    - target: {fileID: -8679921383154817045, guid: 7e1551cc6d9a0c94c995ed73ed233295, type: 3}
      propertyPath: m_LocalPosition.y
      value: -0.4
      objectReference: {fileID: 0}
    - target: {fileID: -8679921383154817045, guid: 7e1551cc6d9a0c94c995ed73ed233295, type: 3}
      propertyPath: m_LocalPosition.z
      value: 74.9
      objectReference: {fileID: 0}
    - target: {fileID: -8679921383154817045, guid: 7e1551cc6d9a0c94c995ed73ed233295, type: 3}
      propertyPath: m_LocalRotation.w
      value: 0.7071068
      objectReference: {fileID: 0}
    - target: {fileID: -8679921383154817045, guid: 7e1551cc6d9a0c94c995ed73ed233295, type: 3}
      propertyPath: m_LocalRotation.x
      value: -0.7071068
      objectReference: {fileID: 0}
    - target: {fileID: -8679921383154817045, guid: 7e1551cc6d9a0c94c995ed73ed233295, type: 3}
      propertyPath: m_LocalRotation.y
      value: -0
      objectReference: {fileID: 0}
    - target: {fileID: -8679921383154817045, guid: 7e1551cc6d9a0c94c995ed73ed233295, type: 3}
      propertyPath: m_LocalRotation.z
      value: -0
      objectReference: {fileID: 0}
    - target: {fileID: -8679921383154817045, guid: 7e1551cc6d9a0c94c995ed73ed233295, type: 3}
      propertyPath: m_LocalEulerAnglesHint.x
      value: 0
      objectReference: {fileID: 0}
    - target: {fileID: -8679921383154817045, guid: 7e1551cc6d9a0c94c995ed73ed233295, type: 3}
      propertyPath: m_LocalEulerAnglesHint.y
      value: 0
      objectReference: {fileID: 0}
    - target: {fileID: -8679921383154817045, guid: 7e1551cc6d9a0c94c995ed73ed233295, type: 3}
      propertyPath: m_LocalEulerAnglesHint.z
      value: 0
      objectReference: {fileID: 0}
    - target: {fileID: -7511558181221131132, guid: 7e1551cc6d9a0c94c995ed73ed233295, type: 3}
      propertyPath: m_Materials.Array.data[0]
      value: 
      objectReference: {fileID: 2100000, guid: 5ed3dea1c4d539742bd88144e8b00424, type: 2}
    - target: {fileID: 919132149155446097, guid: 7e1551cc6d9a0c94c995ed73ed233295, type: 3}
      propertyPath: m_Name
      value: floor (7)
      objectReference: {fileID: 0}
    m_RemovedComponents: []
  m_SourcePrefab: {fileID: 100100000, guid: 7e1551cc6d9a0c94c995ed73ed233295, type: 3}
--- !u!4 &4054284409026846911 stripped
Transform:
  m_CorrespondingSourceObject: {fileID: -8679921383154817045, guid: 7e1551cc6d9a0c94c995ed73ed233295, type: 3}
  m_PrefabInstance: {fileID: 4596221722336577364}
  m_PrefabAsset: {fileID: 0}
--- !u!1001 &4596221722378926910
PrefabInstance:
  m_ObjectHideFlags: 0
  serializedVersion: 2
  m_Modification:
    m_TransformParent: {fileID: 9062626229449880780}
    m_Modifications:
    - target: {fileID: -8679921383154817045, guid: 7e1551cc6d9a0c94c995ed73ed233295, type: 3}
      propertyPath: m_RootOrder
      value: 12
      objectReference: {fileID: 0}
    - target: {fileID: -8679921383154817045, guid: 7e1551cc6d9a0c94c995ed73ed233295, type: 3}
      propertyPath: m_LocalScale.x
      value: 5.144708
      objectReference: {fileID: 0}
    - target: {fileID: -8679921383154817045, guid: 7e1551cc6d9a0c94c995ed73ed233295, type: 3}
      propertyPath: m_LocalScale.y
      value: 5.144708
      objectReference: {fileID: 0}
    - target: {fileID: -8679921383154817045, guid: 7e1551cc6d9a0c94c995ed73ed233295, type: 3}
      propertyPath: m_LocalScale.z
      value: 5.1447077
      objectReference: {fileID: 0}
    - target: {fileID: -8679921383154817045, guid: 7e1551cc6d9a0c94c995ed73ed233295, type: 3}
      propertyPath: m_LocalPosition.x
      value: -18.4
      objectReference: {fileID: 0}
    - target: {fileID: -8679921383154817045, guid: 7e1551cc6d9a0c94c995ed73ed233295, type: 3}
      propertyPath: m_LocalPosition.y
      value: -0.4
      objectReference: {fileID: 0}
    - target: {fileID: -8679921383154817045, guid: 7e1551cc6d9a0c94c995ed73ed233295, type: 3}
      propertyPath: m_LocalPosition.z
      value: -79.7
      objectReference: {fileID: 0}
    - target: {fileID: -8679921383154817045, guid: 7e1551cc6d9a0c94c995ed73ed233295, type: 3}
      propertyPath: m_LocalRotation.w
      value: 0.5657113
      objectReference: {fileID: 0}
    - target: {fileID: -8679921383154817045, guid: 7e1551cc6d9a0c94c995ed73ed233295, type: 3}
      propertyPath: m_LocalRotation.x
      value: -0.5657113
      objectReference: {fileID: 0}
    - target: {fileID: -8679921383154817045, guid: 7e1551cc6d9a0c94c995ed73ed233295, type: 3}
      propertyPath: m_LocalRotation.y
      value: -0.42422965
      objectReference: {fileID: 0}
    - target: {fileID: -8679921383154817045, guid: 7e1551cc6d9a0c94c995ed73ed233295, type: 3}
      propertyPath: m_LocalRotation.z
      value: -0.4242296
      objectReference: {fileID: 0}
    - target: {fileID: -8679921383154817045, guid: 7e1551cc6d9a0c94c995ed73ed233295, type: 3}
      propertyPath: m_LocalEulerAnglesHint.x
      value: -90
      objectReference: {fileID: 0}
    - target: {fileID: -8679921383154817045, guid: 7e1551cc6d9a0c94c995ed73ed233295, type: 3}
      propertyPath: m_LocalEulerAnglesHint.y
      value: 0
      objectReference: {fileID: 0}
    - target: {fileID: -8679921383154817045, guid: 7e1551cc6d9a0c94c995ed73ed233295, type: 3}
      propertyPath: m_LocalEulerAnglesHint.z
      value: -73.733
      objectReference: {fileID: 0}
    - target: {fileID: -7511558181221131132, guid: 7e1551cc6d9a0c94c995ed73ed233295, type: 3}
      propertyPath: m_Materials.Array.data[0]
      value: 
      objectReference: {fileID: 2100000, guid: 5ed3dea1c4d539742bd88144e8b00424, type: 2}
    - target: {fileID: 919132149155446097, guid: 7e1551cc6d9a0c94c995ed73ed233295, type: 3}
      propertyPath: m_Name
      value: floor (13)
      objectReference: {fileID: 0}
    m_RemovedComponents: []
  m_SourcePrefab: {fileID: 100100000, guid: 7e1551cc6d9a0c94c995ed73ed233295, type: 3}
--- !u!4 &4054284409017801941 stripped
Transform:
  m_CorrespondingSourceObject: {fileID: -8679921383154817045, guid: 7e1551cc6d9a0c94c995ed73ed233295, type: 3}
  m_PrefabInstance: {fileID: 4596221722378926910}
  m_PrefabAsset: {fileID: 0}
