%YAML 1.1
%TAG !u! tag:unity3d.com,2011:
--- !u!244 &-9168893945231295938
AudioMixerEffectController:
  m_ObjectHideFlags: 3
  m_CorrespondingSourceObject: {fileID: 0}
  m_PrefabInstance: {fileID: 0}
  m_PrefabAsset: {fileID: 0}
  m_Name: 
  m_EffectID: ad68cb14a7f21cc4fb81b481f6ceb32f
  m_EffectName: Attenuation
  m_MixLevel: 20b38ef43abe33c408e6ff1bdcdffaa5
  m_Parameters: []
  m_SendTarget: {fileID: 0}
  m_EnableWetMix: 0
  m_Bypass: 0
--- !u!243 &-6885917349131019792
AudioMixerGroupController:
  m_ObjectHideFlags: 0
  m_CorrespondingSourceObject: {fileID: 0}
  m_PrefabInstance: {fileID: 0}
  m_PrefabAsset: {fileID: 0}
  m_Name: FX
  m_AudioMixer: {fileID: 24100000}
  m_GroupID: 297f463cffbbfc14fa1129426fff535a
  m_Children: []
  m_Volume: 9d6f6dc3c0e82624abc84efa6a0c86b0
  m_Pitch: 3c98a657c853dd546abb47437a07f29c
  m_Send: 00000000000000000000000000000000
  m_Effects:
  - {fileID: -3608308523293747837}
  m_UserColorIndex: 0
  m_Mute: 0
  m_Solo: 0
  m_BypassEffects: 0
--- !u!244 &-3608308523293747837
AudioMixerEffectController:
  m_ObjectHideFlags: 3
  m_CorrespondingSourceObject: {fileID: 0}
  m_PrefabInstance: {fileID: 0}
  m_PrefabAsset: {fileID: 0}
  m_Name: 
  m_EffectID: c91ee23e1f0180d4487104acd5046d26
  m_EffectName: Attenuation
  m_MixLevel: e07bc082a533df247a94991dbad53704
  m_Parameters: []
  m_SendTarget: {fileID: 0}
  m_EnableWetMix: 0
  m_Bypass: 0
--- !u!243 &-1134080082046160598
AudioMixerGroupController:
  m_ObjectHideFlags: 0
  m_CorrespondingSourceObject: {fileID: 0}
  m_PrefabInstance: {fileID: 0}
  m_PrefabAsset: {fileID: 0}
  m_Name: Music
  m_AudioMixer: {fileID: 24100000}
  m_GroupID: 229739cef9593d54382d6299a2e09796
  m_Children: []
  m_Volume: fed9e056835918240b967e115f2b6438
  m_Pitch: 163f79124c494eb43ba200fc3d02c266
  m_Send: 00000000000000000000000000000000
  m_Effects:
  - {fileID: -9168893945231295938}
  m_UserColorIndex: 0
  m_Mute: 0
  m_Solo: 0
  m_BypassEffects: 0
--- !u!241 &24100000
AudioMixerController:
  m_ObjectHideFlags: 0
  m_CorrespondingSourceObject: {fileID: 0}
  m_PrefabInstance: {fileID: 0}
  m_PrefabAsset: {fileID: 0}
  m_Name: AudioMixer
  m_OutputGroup: {fileID: 0}
  m_MasterGroup: {fileID: 24300002}
  m_Snapshots:
  - {fileID: 24500006}
  m_StartSnapshot: {fileID: 24500006}
  m_SuspendThreshold: -80
  m_EnableSuspend: 1
  m_UpdateMode: 0
  m_ExposedParameters:
  - guid: 9d6f6dc3c0e82624abc84efa6a0c86b0
    name: fxV
  - guid: fed9e056835918240b967e115f2b6438
    name: musicV
  m_AudioMixerGroupViews:
  - guids:
    - dd1f7f2714f2c934881d2dee7220aecb
    - 297f463cffbbfc14fa1129426fff535a
    - 229739cef9593d54382d6299a2e09796
    name: View
  m_CurrentViewIndex: 0
  m_TargetSnapshot: {fileID: 24500006}
--- !u!243 &24300002
AudioMixerGroupController:
  m_ObjectHideFlags: 0
  m_CorrespondingSourceObject: {fileID: 0}
  m_PrefabInstance: {fileID: 0}
  m_PrefabAsset: {fileID: 0}
  m_Name: Master
  m_AudioMixer: {fileID: 24100000}
  m_GroupID: dd1f7f2714f2c934881d2dee7220aecb
  m_Children:
  - {fileID: -1134080082046160598}
  - {fileID: -6885917349131019792}
  m_Volume: d8e3457a7521af7408f5151ffdd2e91c
  m_Pitch: b88e97cb59fd97b42bf362c62de365f4
  m_Send: 00000000000000000000000000000000
  m_Effects:
  - {fileID: 24400004}
  m_UserColorIndex: 0
  m_Mute: 0
  m_Solo: 0
  m_BypassEffects: 0
--- !u!244 &24400004
AudioMixerEffectController:
  m_ObjectHideFlags: 3
  m_CorrespondingSourceObject: {fileID: 0}
  m_PrefabInstance: {fileID: 0}
  m_PrefabAsset: {fileID: 0}
  m_Name: 
  m_EffectID: 85f4d88cc34fdda4da725d90ea282c25
  m_EffectName: Attenuation
  m_MixLevel: 24eb0a24da34f3a4180ffbd8408fae3d
  m_Parameters: []
  m_SendTarget: {fileID: 0}
  m_EnableWetMix: 0
  m_Bypass: 0
--- !u!245 &24500006
AudioMixerSnapshotController:
  m_ObjectHideFlags: 0
  m_CorrespondingSourceObject: {fileID: 0}
  m_PrefabInstance: {fileID: 0}
  m_PrefabAsset: {fileID: 0}
  m_Name: Snapshot
  m_AudioMixer: {fileID: 24100000}
  m_SnapshotID: 2fc70ac6883c8f0489301fffe18b2366
  m_FloatValues: {}
  m_TransitionOverrides: {}
